
@book{book_Linux_System_Programming_Robert_Love,
  title={Linux System Programming},
  author={Love, R.M.},
  isbn={9781449341541},
  lccn={2013454577},
  publisher={O'Reilly Media, Incorporated}
}


@book{book_modern_operating_system,
  title={Modern Operating Systems, Global Edition},
  author={Tanenbaum, A.S. and Bos, H.},
  isbn={9781292061955},
  year={2015},
  publisher={Pearson Education}
}

@book{book_opearting_system_concepts,
  title={Operating System Concepts, 10e Abridged Print Companion},
  author={Silberschatz, A. and Galvin, P.B. and Gagne, G.},
  isbn={9781119439257},
  lccn={2017043464},
  year={2018},
  publisher={Wiley}
}

@book{book_computer_system_programmer_perspective,
  title={Computer Systems: A Programmer's Perspective},
  author={Bryant, R.E. and O'Hallaron, D.R. and O'Hallaron, D.R.},
  isbn={9780136108047},
  lccn={2009053083},
  url={https://books.google.fr/books?id=HjJ4vgEACAAJ},
  year={2011},
  publisher={Prentice Hall}
}